@article{Taut,
    author = {M. Taut},
    title = {Two electrons in an external oscillator potential: Particular analytic solutions of a Coulomb correlation problem},
    journal = {Physical Review A},
    volume = {48},
    number = {5},
    pages = {3561-3566},
    year = {1993},
    DOI = {https://journals.aps.org/pra/abstract/10.1103/PhysRevA.48.3561},
    keywords = {physics}
}
@online{GitHub,
    author = {Henrik Petlund},
    title = {GitHub Repository},
    year = {2019},
    url  = {https://github.com/henrikx2/FYS3150},
    addendum = {(accessed: 15.12.2019)},
    keywords = {github,henrikx2}
}
@online{Lec15,
    author = {Morthen Hjorth-Jensen},
    title = {Lecture Notes. Department of Physics, University of Oslo},
    year = {2015},
    url  = {https://github.com/CompPhysics/ComputationalPhysics/tree/master/doc/Lectures},
    addendum = {(accessed: 21.11.2019)},
    keywords = {lectures,hjort-jensen}
}
@online{proj5,
    author = {Morthen Hjorth-Jensen},
    title = {Quantum Monte Carlo of confined electrons},
    year = {2019},
    url  = {http://compphysics.github.io/ComputationalPhysics/doc/Projects/2019/Project5/QuantumMonteCarlo/pdf/QuantumMonteCarlo.pdf},
    addendum = {(accessed: 21.11.2019)},
    keywords = {project5,hjort-jensen}
}
@article{kato_cusp,
    author = {T. Kato},
    title = {On the Eigenfunctions of Many-Particle Systems in Quantum Mechanics},
    journal = {Communications on Pure and Applied Matematics},
    volume = {X},
    number = {2},
    pages = {151-177},
    year = {1957},
    DOI = {https://onlinelibrary.wiley.com/doi/abs/10.1002/cpa.3160100201},
    keywords = {physics}
}
@book{Griffiths,
    author    = "David J. Griffiths and Darrel F. Schroeter",
    title     = "Quantum Mechanics 3rd Edition",
    year      = "2018",
    publisher = "Cambridge University Press",
    address   = "ISBN 978-1-107-18963-8 Hardback"
}