@unpublished{gaussQuad,
  title={Numerical integration, from Newton-Cotes quadrature to Gaussion quadrature},
  author={Hjorth-Jensen, Morten},
  journal={Computational Physics Lectures},
  pages={10--32},
  year={2017},
  note={University of Oslo}
}

@unpublished{monteCarlo,
  title={Introduction to Monte Carlo methods},
  author={Hjorth-Jensen, Morten},
  journal={Computational Physics Lectures},
  year={2019},
  note={University of Oslo}
}

@Misc{project3,
  author = {UiO},
  title = {{Project 3; \url{https://github.com/CompPhysics/ComputationalPhysics/tree/master/doc/Projects/2019/Project3}}},
  year = {2019}, 
  note = "[Online; accessed 02-October-2019]"
}